@Article{websense2011,
author = {{Cardell-Oliver, R. ; Huebner, C. ;  Foeller-Nord, M. }},
title = {WebSense: A lightweight and configurable application for publishing sensor network data
},
journal = {Intelligent Sensors, Sensor Networks and Information Processing (ISSNIP), 2011 Seventh International Conference on},
year = {2011},
OPTpages = {235-240},
URL= {http://ieeexplore.ieee.org/xpl/mostRecentIssue.jsp?punumber=6135451}
}

@Unpublished{compression2012,
author = {Cardell-Oliver, R.},
title = {Data-Aware,Resource-Aware,Lossless Compression for Sensor Networks},
note = {internal draft, UWA 13.08.2012},
year = {2012}
}